@article{Ambrosone1,
author="G. Ambrosone and D. K. Basa and U. Coscia and E. Tresso and A. Chiodoni and E Celasco and N. Pinto and R. Murri",
title="Study on the excimer laser annealed amorphous hydrogenated silicon carbon films deposited by {PECVD}",
journal="phys. status. solidi c",
volume="7",
number="3-4",
pages="770-773",
year="2010"
}

@article{Ambrosone2,
author="G. Ambrosone and D. K. Basa and U. Coscia and M. Fathallah",
title="Study on the microstructural and overall disorder in hydrogenated amorphous silicon carbon films",
journal="J. Appl. Phys.",
volume="104",
pages="123520",
year="2008"
}

@article{Ambrosone3,
author="G. Ambrosone and D. K. Basa and U. Coscia and L. Santamaria and N. Pinto and M. Ficcadenti and L. Morresi and L. Craglia and R. Murri",
title="Structural and Electrical Properties of Nanostrcutured Silicon Carbon Films",
journal="Engergy Procedia",
volume="2",
pages="3-7",
year="2010"
}

@article{Ambrosone4,
author="G. Ambrosone and D. K. Basa and U. Coscia and P. Rava",
title="Correlation between structural and opto-electronic properties of {a-Si${_{1-x}}$C${_x}:$H} films deposited by plasma enhanced chemical vapour deposition",
journal="Thin Solid Films",
volume="518",
pages="5871-5874",
year="2010"
}

@article{An1,
author="H. An and M. Li and S. Yang and Z. Mai and S. Liu",
title="Characterization of {In$_x$ Ga$_{1-x}$ As/InP} epilayers by X-ray double crystal rocking curve peak profile analysis",
journal="J. Cryst. Growth",
year="1995",
volume="148",
pages="31-34"
}
@article{Ang1,
author="K. Ang and K. Chui and V. Bliznetsov and C. Tung and A. Du and N. Balasubramanian and G. Samudra and M. F. Li and Y. Yeo",
title="Lattice strain analysis of transistor structures with silicon-germanium and silicon-carbon source/drain stressors",
journal="App. Phys. Lett.",
year="2005",
volume="86",
page="093102"
}


@article{Afanas'ev1,
author="A. M. Afanas'ev and  V. G. Kohn",
title="Dynamical theory of X-ray Diffraction in Crystals with Defects",
journal="Acta Cryst.",
year="1971",
volume="A27",
pages="412-430"
}
@article{Becker1,
author="P. J. Becker and M. Al Haddad",
title="Concerning Order Parameters in the Statistical Dynamical Theory of Diffraction",
journal="Acta Cryst.",
year="1989",
volume="A45",
pages="333-337"
}
@article{Basa1,
author="D. K. Basa and G. Ambrosone and U. Coscia and A. Setaro",
title="Crystallization of hydrogenated amorphous silicon carbon films with laser and thermal annealing",
journal="App. Surface Science",
volume="255",
year="2009",
pages="5528-5531"
}
@article{Basa2,
author="D. K. Basa and G. Abbate and G. Ambrosone and U. Coscia and A. Marino",
title="Spectroscopic ellipsometry study of hydrogenated amorphous silicon carbon alloy films deposited by plasma enchanced chemical vapor deposition",
journal="J. App. Phys.",
volume="107",
pages="023502",
year="2010"
}

@article{Basa3,
author="D. K. Basa and G. Abbate and G. Ambrosone and U. Coscia and A. Marino",
title="Spectroscopic ellipsometry study of hydrogenated amorphous silicon carbon alloy films deposited by plasma enhanced chemical vapor deposition",
journal="J. Appl. Phys",
volume="107",
pages="023502",
year="2010"
}

@article{Batterman1,
author="B. W. Batterman and H. Cole",
title="Dynamical Diffraction of X Rays by Perfect Crystals",
journal="Rev. Mod. Phys.",
year="1964",
volume="36",
pages="681-717"
}

@article{Bauer1,
author="M. Bauer and V. Machkaoutsan and C. Arena",
title="Highly tensile strained silicon-carbon alloys epitaxially grown into recessed source drain areas of {NMOS} devices",
journal="Semicond. Sci. Technol.",
volume="22",
year="2007",
pages="S183-S187"
}

@article{Berti1,
author="M. Berti and D. De Salvador and A. V. Drigo and F. Romanato and J. Stangl and S. Zerlauth and F. Sch{\"a}ffler and G. Bauer",
title="Lattice parameter in {Si$_{1-y}$C$_y$} epilayers:  Deviation from Vegard's rule",
journal="Appl. Phys. Letters",
year="1998",
volume="72",
number="13",
pages="1602-1604"
}

@article{Berti2,
title = "Metastability of Si1−yCy epilayers under 2&#xa0;MeV α-particle irradiation",
journal = "Micron",
volume = "31",
number = "3",
pages = "285 - 289",
year = "2000",
note = "",
issn = "0968-4328",
doi = "10.1016/S0968-4328(99)00095-5",
url = "http://www.sciencedirect.com/science/article/pii/S0968432899000955",
author = "M Berti and D De Salvador and A.V Drigo and M Petrovich and J Stangl and F Schäffler and S Zerlauth and G Bauer and A Armigliato",
keywords = "Rutherford backscattering spectroscopy",
keywords = "Channeling",
keywords = "Si<sub>1−<span style='font-style: italic'>y</span></sub>C<sub><span style='font-style: italic'>y</span></sub> alloy",
keywords = "Radiation damage",
abstract = "In this work we present some recent results concerning the α-particles irradiation of Si1−yCy alloy epitaxially grown on silicon. The study of the damage process is interesting because of the extensive use of backscattering technique as a tool of characterisation of this kind of materials and because of the possibility of adding information about the transformations that this metastable material undergoes. We point out that the irradiation damage process causes a change in the material structure different from that due to the thermal treatments. The irradiation damage occurs at a rate much higher than in Si, however it involves only a silicon atom fraction that appears to be proportional to the substitutional carbon content."
}


@article{BHL1,
author="W. J. Bartels and J. Hornstra and D. J. W. Lobeek",
title="{X-ray Diffraction of Multilayers and Superlattices}",
journal="Acta Cryst.",
year="1986",
volume="A42",
pages="539-545"
}
@article{Bocchi1,
author="C. Bocchi and F. Germini and G. Ghezzi and E. Gombia and R. Mosca and L. Nsai",
title="Triple crystal diffractometry, x-ray standing wave, and transmission electron microscopy investigation of shallow $BF_2$ implantation in Si",
journal="J. Vac. Sci. Technol. B",
volume="20",
number="4",
year="2002",
pages="1436-1443"
}

@article{Bushuev1,
author="V. A. Bushuev",
title="{Influence of structure defects on the angular distribution of x-ray diffraction in crystals with a disturbed surface layer}",
journal="Sov. Phys. Solid State",
volume="31",
number="11",
pages="1877-1882",
year="1989"
}

@article{Bushuev2,
author="V. A. Bushuev",
title="{Statistical-dynamic theory of diffraction of x rays in imperfect crystals with allowance for angular distribution of intensities}",
journal="Sov. Phys. Cryst.",
year="1989",
volume="34",
number="2",
pages="163-167"
}

@article{Bushuev3,
author="V. A. Bushuev and A. P. Petrakov",
title="{Investigation of the influence of laser anneling on the structure of surface layers in ion-implanted silicon by x-ray diffractomery}",
journal="Phys. Solid State",
year="1993",
volume="35",
number="2",
pages="181-186"
}
@article{Calmes1,
author="C. Calmes and D. Bouchier and D. D{\'e}barre and C. Clerc",
title="Surface roughening of tensilely strained Si$_{1-x-y}$Ge$_x$C$_y$ films grown by ultrahigh vacuum chemical vapor deposition",
journal="App. Phys. Lett.",
volume="81",
number="15",
year="2002",
pages="2746-2748"
}

@article{Carroll1,
authors="M. S. Carroll and J. C. Sturm",
title="Quantification of subsitutional carbon loss from {Si$_{0.998}$C$_{0.002}$} due to silicon self-interstital injection during oxidation",
journal="Appl. Phys. Letters",
volume="81",
number="7",
year="2002"
}

@article{Chang1,
author="S. T. Chang and C. Y. Lin and S. H. Liao",
title="Theoretical study of electron mobility for silicon-carbon alloys",
journal="App. Surface Science",
volume="254",
year="2008",
pages="6203-6207"
}

@article{Cherkashin1,
author="N. Cherkashin and M. J. H{\"y}tch and F. Houdellier and F. H{\"u}e and V. Paillard and A. Calverie and A. Gouy{\'e} and O. Kermarrec and D. Rouchon and M. Burdin and P. Holliger",
title="On the influence of elastic strain on the accommodation of carbon atoms into substitutional sites in strained {Si:C} Layers grown on Si substrates",  
journal="App. Phys. Lett.",
volume="94",
pages="141910",
year="2009"
}


@article{Chung1,
author="K. H. Chung and J. C. Sturm and E. Sandchez and K. K. Singh and S. Kuppurao",
title="The high growth rate of epitaxial silicon-carbon alloys by using chemical vapour deposition and neophentasilane",
journal="Semicond. Sci. Tehcnol.",
volume="22",
year="2007",
pages="S158-S160"
}
@article{Coscia1,
author="U. Coscia and G. Ambrosone and D. K. Basa and E. Tresso and A. Chiodoni and N. Pinto and R. Murri",
title="Morphological and structural modifications induced in {a-Si{$_{1-x}$}C{$_x$}:H} films by excimer laser annealing",
journal="App. Phys. A",
year="2010",
}
@article{Coscia2,
author="U. Coscia and G. Ambrosone and S. Lettieri and P. Maddalena and P. Rava and C. Minarini",
title="Power density effects on the grouwth of microcrystalline silicon-carbon alloys by {PECVD}",
journal="Thin Solid Films",
volume="427",
year="2003",
pages="284-288",
}

@article{Coscia3,
author="U. Coscia and G. Ambrosone and D. K. Basa and S. Ferrero and P. Delli Veneri and L. V. Mercaldo and I. Usatii and M. Tucci",
title="Characterizations of nanostructured silicon-carbon films deposited by p-layer by {PECVD}",
journal="Phys. Status Solidi C",
volume="7",
pages="766-769",
number="3-4",
year="2010"
}

@article{Dashiell1,
author="M. W. Dashiell and L. V. Kulik and D. Hits and J. Kolodzey",
title="Carbon incorporation in {Si$_{1-y}$C$_y$} alloys grown by molecular beam epitaxy using a single silicon-graphite source",
journal="Appl. Phys. Lett.",
volume="72",
number="7",
year="1998",
pages="833-835"
}

@article{Denton1,
  author = {Denton, A. R. and Ashcroft, N. W.},
  volume = {43},
  journal = {Phys. Rev. A},
  month = {Mar},
  title = {Vegard's law},
  year = {1991},
  url = {http://link.aps.org/doi/10.1103/PhysRevA.43.3161},
  doi = {10.1103/PhysRevA.43.3161},
  issue = {6},
  publisher = {American Physical Society},
  pages = {3161--3164}
}

@article{Eberl1,
author="K. Eberl and K. Brunner and W. Winter",
title="Pseudomorphic {Si$_{1-y}$C$_y$} and {Si$_{1-x-y}$Ge$_x$C$_y$} alloy layers on Si",
journal="Thin Solid Films",
volume="294",
year="1997",
pages="98-104"
}

@article{Fewster2,
author="P. F. Fewster",
title="The Simulation and Interpreation of Diffraction Profiles from Partially Relaxed layer Structures",
journal="J. Appl. Cryst.",
year="1992",
volume="25",
pages="714-723"
}

@article{FewsterRSM,
author = {Fewster, Paul F.},
title = {Reciprocal space mapping},
journal = {Critical Reviews in Solid State and Materials Sciences},
volume = {22},
number = {2},
pages = {69-110},
year = {1997},
doi = {10.1080/10408439708241259},

URL = {http://www.tandfonline.com/doi/abs/10.1080/10408439708241259},
eprint = {http://www.tandfonline.com/doi/pdf/10.1080/10408439708241259},
abstract = { Abstract This review covers the recent advances in reciprocal space mapping. The experimental techniques as well as the theoretical and conceptual developments are discussed. The advantages of reciprocal space mapping over the conventional single scan X-ray scattering methods become clear from the examples presented. Extracting the additional information from mapping in reciprocal space maps has led to a deeper understanding of materials. Imperfect materials benefit enormously from these methods. Near perfect materials also indicate weak diffuse scattering that can now be interpreted in terms of defects, etc., whereas with single scans the influence is difficult to observe and separate from other features. Reciprocal space maps can be collected with both high and low angular resolution diffractometers, depending on the application, although a combination of resolutions may be necessary. It is also growing in importance in the analysis of materials using specular reflectometry. High-resolution reciprocal space mapping is not restricted to good crystalline quality. Examples of reciprocal space mapping are given for semiconductors, metals, ceramics and biological samples. For semiconductor materials, reciprocal space mapping has now become almost routine in the study of lattice relaxation in thin layers and in the assessment of the “quality” of materials. Combinations of mapping with topography and precision lattice parameter determination are also discussed. The latter part of this review discusses the advantages of three-dimensional reciprocal space mapping, which takes the analysis further. With this method the full three-dimensional shapes in reciprocal space can be studied. }
}


@article{Fischer1,
author="G. G. Fischer and P. Zaumsell and E. Buglel and H. J. Osten",
title="Invstigation of the high temperature behavior of strained {Si$_{(1-y)}$C$_y$/Si} heterostructures",
journal="J. Appl. Phys.",
volume="77",
number="5",
year="1995",
pages="1934-1937"
}

@article{Fissel1,
author="A. Fissel",
title="High-quality {SiC} epitaxial layers and low-dimensional heteropolytypic {SiC} structures grown by solid-source {MBE}",
journal="J. Cryst. Growth",
volume="227-228",
pages="805-810",
year="2001"
}

@article{Forster1,
author="Ch. {F\"orster} and V. Cimalla and K. {Br\"uckner} and M. Hein and J. Pezoldt and O. Ambacher",
title="Micro-electromechanical systems based on {3C-SiC/Si} heterostructures",
journal="Mat. Sc. Eng. C",
volume="25",
pages="804-808",
year="2005"
}

@article{Garrido1,
author="B. Garrido and J. R. Morante and M. Franz and K. Pressel and D. Kr{\"u}ger and P. Zaumseil and H. J. Osten",
title="Behavior of strained {Si$_{1-y}$C$_y$ $(0 {\leq} y {\leq} 0.02)$} layers grown on silicon during wet oxidation",
journal="J. Appl. Phys.",
year="1999",
volume="85",
number="2",
pages="833-840"
}

@article{Gartstein1,
author="E. L. Gartstein",
title="Characterization of the bulk defects in {InP} crystal with a high-resolution triple crystal X-ray diffractometer",
journal="Z. Phys. B",
year="1992",
volume="88",
pages="327-332"
}
@Article{Goldberg1,
	author = "R. D. Goldberg and T. W. Simpson and I. V. Mitchell and P. J. Simpson and M. Prikryl and G. C. Weatherly",
	title = "Secondary defect formation in self-ion irradiated silicon",
	year  ="1995",
	journal = "NIM B",
	volume = "106",
	pages = "216-221"
}
@article{Goorsky1,
author="M. S. Goorsky and S. S. Iyer and K. Eberl and F. Legoues and J. Angileilo and F. Cardone",
title="Thermal stability of {Si$_{1-x}$C$_x$/Si} strained layer superlattices",
journal="Appl. Phys. Lett.",
volume="60",
number="22",
year="1992",
pages="2758-2760"
}

@article{Golecki1,
author="I. Golecki and F. Reidinger and J. Marti",
title="Single-crystalline, epitaxial cubic {SiC} films grown on (100) {Si} at 750 {$^\circ$}C by chemical vapor deposition",
journal="Appl. Phys. Lett.",
volume="60",
number="14",
year="1992",
pages="1703-1705"
}

@article{Guedj1,
author="C. Guedj and G. Calvarin and B. Piriou",
title="Evolution of {Si$_{0.0982}$C$_{0.018}$} pseudomorphic layer after excimer laser annealing",
journal="J. Appl. Phys.",
year="1998",
volume="83",
number="8",
pages="4064-4068"
}

@article{Guigay1,
author="J. P. Guigay and I. A. Vartanyants",
title="{Statistical dynamical theory in the case of a large correlation length}",
journal="J. Phys. D: Appl. Phys.",
year="1999",
volume="32",
pages="A84-A87"
}

@article{Guigay2,
author="J. P. Guigay",
title="{Reformulation of the Dynamical Theory of Coherent Wave Propagation by Randomly Distorted Crystals}",
journal="Acta Cryst.",
year="1992",
volume="A48",
pages="819-826"
}

@article{Guigay3,
author="J. P. Guigay",
title="On Integrated Intensities in Kato's Statistical Diffraction Theory",
journal="Acta Cryst.",
year="1989",
volume="A45",
pages="241-244"
}

@article{Hartmann1,
author="J. M. Hartmann and T. Ernst and F. Ducroquet and G. Rolland and D. Lafond and A-M Papon and R. Truche and P. Holliger and F. Laugier and M. N. S{\'e}m{\'e}ria and S. Deleonibus",
title="High {C} content {Si/Si$_{1-y}$C$_y$} heterostructures for n-type metal oxide semiconductor transistors",
journal="Semicond. Sci. Technol.",
volume="19",
year="2004",
pages="593-601"
}

@article{Hartmann2,
author="J. M. Hartmann and T. Ernst and V. Loup and F. Ducroquet and G. Rolland and D. Lafond and P. Holliger and F. Laugier and M. N. S{\'e}m{\'e}ria and S. Deleonibus",
title="Reduced pressure chemical vapor deposition of {Si/Si$_{1-y}$C$_y$} heterostructures for n-type metal-oxide-semiconductor transistors",
journal="J. App. Phys.",
volume="92",
number="5",
pages="2368-2373",
year="2002"
}

@Article{Haddad1,
author = "M. Al Haddad and P. J. Becker",
title = "On the Statistical Dynamical theory of Diffraction:  Application to Silicon",
year  ="1988",
journal = "Acta Cryst.",
volume="A44",
pages="262-270"
}
@article{Halliwell:1984,
author = "M. A. G. Halliwell and M. H. Lyons and M. J. Hill",
title = "{The interpretation of X-ray rocking curves from III-V semiconductor device structures}",
journal = "Journal of Crystal Growth",
year = "1984",
volume = "68",
number = "2",
pages = "523-531",
}
@article{Hill:a25282,
author = "M. J. Hill and B. K. Tanner and M. A. G. Halliwell and M. H. Lyons",
title = "{Simulation of X-ray double-crystal rocking curves at multiple and inhomogeneous "heteroepitaxial layers}",
journal = "J. Appl. Cryst.",
year = "1985",
volume = "18",
number = "6",
pages = "446-451",
month = "Dec",
doi = {10.1107/S002188988501069X},
url = {http://dx.doi.org/10.1107/S002188988501069X},
}
@article{Hsieh1,
author="E. R. Hsieh and S. S. Chung",
title="The proximity of the strain induced effect to improve the electron mobility in a silicon-carbon source-drain structure of n-channel metal-oxide-semiconductor field-effect transistors",
journal="App. Phys. Lett.",
volume="96",
pages="093501",
year="2010"
}

@article{Han1,
author="J.-W. Han et al",
title="Energy-Band-Engineered Unified-{RAM} ({URAM} cell on buried {Si$_{1-y}$C$_y$} substrate for multifunctioning flash memory and 1{T-DRAM}",
journal="IEEE Transcations on Electron Devices",
volume="56",
number="4",
year="2009",
pages="641-647"
}

@article{Holy3,
author="V. {Hol\'y} and A. A. Darhuber and J. Stangl and S. Zerlauth and F. Schaffler and G. Bauer and N. Darowski and D. Lubbert and U. Pietsch and I. Vavra",
title="Coplanar and grazing incidence X-ray-diffraction investigation of self-organized {SiGe} quantum dot multilayers",
journal="Phys. Rev. B",
year="1998",
volume="58",
pages="7934-7943"
}

@article{Holy4,
author="J. Stangl and V. {Hol\'y} and T. Roch and A. Daniel and G. Bauer and J. Zhu and K. Brunner and G. Abstreiter",
title="Grazing incidence small-angle X-ray scattering study of buried and free-standing {SiGe} islands in a {SiGe/Si} superlattice",
journal="Phys. Rev. B",
year="2000",
volume="62",
pages="7229-7236"
}

@article{Holy5,
author="A. Hesse and J. Stangl and V. {Hol\'y} and T. Roch and G. Bauer and O. G. Schmidt and U. Denker and B. Struth",
title="Effect of overgrowth on shape, composition, and strain of {SiGe} islands on Si(001)",
journal="Phys. Rev. B",
year="2002",
volume="66",
pages="85321-1-11"
}

@Article{Itokawa1,
author="H. Itokawa and N. Yasutake and N. Kusunoki and S. Okamoto and N. Aoki and I. Mizushima",
title="Source/drain engineering for MOSFETS with embedded-{Si:C} technology",
journal="App. Surface Science",
volume="254",
year="2008",
pages="6135-6139"
}

@Article{Jones1,
	author = "K. S. Jones and D. K. Sadana and S. Prussin and J. Washburn and E. R. Weber and W. J. Hamilton",
	title = "The formation of a continuous amorphous layer by room-temperature implantation of boron into silicon",
	year  ="1988",
	journal = "J. Appl. Phys.",
	volume = "63",
	number="5",
	pages="1414-1418"
	}
@Article{Kaganer1,
author = "V. M. Kaganer and R. Kohler and M. Schmidbauer and R. Opitz and B. Jenichen",
title = "X-ray diffraction peaks due to misfit dislocations in heteroepitaxial structures",
year  ="1997",
journal = "Phys. Rev. B",
volume="55",
pages="1793-1810"
}

@Article{Kaganer2,
author = "G. Alexe and H. Heinke and M. Klude and V. Kaganer and D. Hommel",
title = "Studies of misfit dislocation densities in II-VI laser structures by diffuse X-ray scattering",
year  ="2002",
journal = "Physica Status Solidi B",
volume="229",
pages="193-196"
}
@article{Kato1,
author="N. Kato",
title="Statistical Dynamical Theory of Crystal Diffraction.  {II.} Intenisty Distribution and Integrated Intensity in the Laue cases",
journal="Acta Cryst.",
year="1980",
volume="A36",
pages="770-778"
}

@Article{Kato2,
author = "N. Kato",
title = "Statistical Dynamical Theory of Crystal Diffraction.  {I.} General Formulation",
year  ="1980",
journal = "Acta Cryst.",
volume = "A36",
pages= "763-769"
}

@Article{Kato3,
author="N. Kato",
title="A Foundation for the Statistical Dynamical Theory of Diffraction",
journal="Acta Cryst.",
volume="A47",
pages="1-11",
year="1991"
}

@Article{KatoII,
author="N. Kato",
title="On Extinction. {II.} The Theory of Secondary Extinction",
journal="Acta Cryst.",
volume="A32",
pages="458-466",
year="1976"
}


@Article{KatoIII,
author="N. Kato",
title="{III.} An Improvement of the Secondary-Extinction Theory",
journal="Acta Cryst.",
volume="A35",
pages="9-16",
year="1979"
}

@Article{KatoI,
author="N. Kato",
title="On Extinction. {I.} General Formulation",
journal="Acta Cryst.",
volume="A32",
pages="453-457",
year="1976"
}
	
@Article{KatoIV,
author="N. Kato",
title="IV. Integrated Intensities in Secondary-Extinction Theory",
journal="Acta Cryst.",
volume="A36",
pages="171-177",
year="1980"
}	
	
@Article{Kohler1,
author = "R. K{\"{o}}hler and W. Neumann",
title = "Preface",
journal = "Cryst. Res. Tech.",
year  ="2002",
volume="37",
pages="637-638"
}

@article{Kolahdouz1,
author = {M. Kolahdouz and L. Maresca and R. Ghandi and A. Khatibi and H. H. Radamson},
collaboration = {},
title = {Kinetic Model of SiGe Selective Epitaxial Growth using RPCVD Technique},
publisher = {ECS},
year = {2011},
journal = {Journal of The Electrochemical Society},
volume = {158},
number = {4},
pages = {H457-H464},
keywords = {chemical vapour deposition; diffusion; epitaxial growth; Ge-Si alloys; semiconductor epitaxial layers; semiconductor growth; semiconductor materials; temperature distribution},
url = {http://link.aip.org/link/?JES/158/H457/1},
doi = {10.1149/1.3548113}
abstract={Recently, selective epitaxial growth (SEG) of B-doped SiGe layers has been used in recessed source/drain (S/D) of p-channel metal-oxide-semiconductor field-effect transistor. The uniaxial induced strain enhances the carrier mobility in the channel. In this work, a detailed model for SEG of SiGe has been developed to predict the growth rate and Ge content of layers in dichlorosilane (DCS)-based epitaxy using a reduced-pressure chemical vapor deposition (RPCVD) reactor. The model considers each gas precursor contributions from the gas-phase and the surface. The gas flow and temperature distribution were simulated in the chemical vapor deposition reactor, and the results were exerted as input parameters for Maxwell energy distribution. The diffusion of molecules from the gas boundaries was calculated by Fick's law, and the Langmuir isotherm theory (in nonequilibrium case) was applied to analyze the surface. The pattern dependency of the selective growth was also modeled through an interaction theory between different subdivisions of the chips. Overall, a good agreement between the kinetic model and the experimental data was obtained. }
}

@article{Kovats1,
author="Z. Kovats and T. H. Metzger and J. Peisl and J. Stangl and M M{\"u}hlberger and Y. Zhuang and F. Sch{\"a}ffler and G. Bauer",
title="Investigation of {$\beta$-SiC} precipitation in {Si$_{1-y}$C$_y$} epilayers by x-ray scattering at grazing incidence",
journal="Appl. Phys. Letters",
volume="76",
number="23",
year="2000",
pages="3409-3411"
}

@article{Kramer1,
author="K. M. Kramer and M. O. Thompson",
title="Pulsed laser induced epitaxial crystallization of carbon-silicon alloys",
journal="J. Appl. Phys.",
volume="79",
number="8",
year="1996",
pages="4118-4123"
}

@article{Liu1,
author="C. W. Liu and Y. D. Tseng and M. Y. Chern and C. L. Chang and J. C. Sturm",
title="Thermal Stability of {Si/Si$_{1-x-y}$Ge$_x$C$_y$/Si} quantum wells grown by rapid thermal chemical vapor deposition",
journal="J. Appl. Phys.",
volume="85",
number="4",
year="1999",
pages="2124-2128"
}	

@article{Liu2,
author="C. W. Liu and J. C. Sturm",
title="Low temperature chemical vapor deposition growth of {$\beta$-}{SiC} on (100) {Si} using methylsilane and device characteristics",
journal="J. Appl. Phys.",
volume="82",
number="9",
year="1997",
pages="4558-4565"
}

@article{Lin3,
title = "Nanoscratch studies of SiGe epitaxial layer damage on the Si substrate",
journal = "Journal of Physics and Chemistry of Solids",
volume = "72",
number = "6",
pages = "789 - 793",
year = "2011",
note = "",
issn = "0022-3697",
doi = "10.1016/j.jpcs.2011.03.015",
url = "http://www.sciencedirect.com/science/article/pii/S0022369711000709",
author = "Tien-Yu Lin and Hua-Chiang Wen and Zue-Chin Chang and Wen-Kuang Hsu and Chang-Pin Chou and Chien-Huang Tsai and Derming Lian",
keywords = "A. Thin films",
keywords = "B. Epitaxial growth",
keywords = "C. Electron microscopy",
keywords = "D. Microstructure",
abstract = "The present study evaluates the wear performance of silicon–germanium (SiGe) epitaxial growth of thin films, in which the in situ scratch profile is followed by ex situ atomic force microscopy (AFM) examinations. The wear evaluation of SiGe films was carried out at different constant loads (2000, 4000, and 6000&#xa0;μN) with the same sliding speeds. The microstructural morphology was observed by means of transmission electron microscopy (TEM)

Findings show that annealing treatments of SiGe films exhibit the highest scratch resistance at 400&#xa0;°C compared to that of the as-deposited sample. The main characteristic of SiGe film is its ability to withstand wear resistance; observations show that moderate compressive residual is beneficial to the film, since it can suppress crack initiation. The annealing treatments of SiGe films revealed the resultant adhesive and cohesive failure mechanism."
}

@article {Lindner1,
   author = {Lindner, J.K.N.},
   title = {High-dose carbon implantations into silicon: fundamental studies for new technological tricks},
   journal = {App. Phys. A},
   publisher = {Springer Berlin / Heidelberg},
    pages = {27-38},
   volume = {77},
   issue = {1},
   abstract = {Depending on the implantation temperature, the implantation of carbon ions into silicon at high doses results in the formation of either amorphous SiC x or crystalline 3C-SiC precipitates. Various aspects of the precipitation behaviour observed, such as the impeded nucleation, the limited growth and the resulting sensitivity to ballistic destruction are attributed to the large interfacial energy between crystalline silicon and 3C-SiC. Periodically arranged amorphous SiC x nanoclusters, which are formed at lower temperatures, are shown to promote amorphisation by their surrounding stress field and to represent sinks for silicon self-interstitials, which can be activated by annealing at 900 °C. By control of the depth distribution of equally sized, oriented 3C-SiC precipitates formed at higher implantation temperatures, it is possible to establish suitable starting conditions for the formation of buried homogeneous, single-crystalline 3C-SiC layers during a post-implantation anneal. The properties of these ion-beam-synthesised SiC layers are described and attempts to combine them with insulating and metallic layers are reviewed. A survey is given of the emerging applications of ion-beam-synthesised buried SiC layers and microstructures in electronic, optical and micromechanical devices and as large-area SiC pseudosubstrates.},
   year = {2003}
}	
@article{Masimov1,
author="M. Masimov",
title="X-ray extinction changes due to dislocations",
journal="J. Appl. Cryst.",
year="2007",
volume="40",
pages="990-998"
}

@article{Matthews3,
title = "Defects in epitaxial multilayers: III. Preparation of almost perfect multilayers",
journal = "Journal of Crystal Growth",
volume = "32",
number = "2",
pages = "265 - 273",
year = "1976",
note = "",
issn = "0022-0248",
doi = "10.1016/0022-0248(76)90041-5",
url = "http://www.sciencedirect.com/science/article/pii/0022024876900415",
author = "J.W. Matthews and A.E. Blakeslee",
abstract = "Almost perfect multilayers composed of epitaxial GaAs and Ga(As0.5P0.5) films have been prepared by chemical vapor deposition. The techniques used to enhance perfection were: (a) to use film thickness below that at which misfit dislocations are formed between layers; (b) to match the lattice parameter of the substrate to the lattice parameter of the multilayer taken as a whole; and (c) to use coherency, or misfit, strain to drive threading dislocations out of the sample. Specimens prepared using these techniques contained no dislocations to accommodate misfit between layers, and few dislocations to accommodate misfit between multilayer and substrate. The density of threading dislocations was &lt; 104⧸cm2. This is at least 104 times smaller than the density of threading dislocations in the multilayers described in Parts I and II. These results establish that multilayers containing few dislocations can be made from materials with rather different lattice parameters."
}


@article{Matthews2,
title = "Defects in epitaxial multilayers: II. Dislocation pile-ups, threading dislocations, slip lines and cracks",
journal = "Journal of Crystal Growth",
volume = "29",
number = "3",
pages = "273 - 280",
year = "1975",
note = "",
issn = "0022-0248",
doi = "10.1016/0022-0248(75)90171-2",
url = "http://www.sciencedirect.com/science/article/pii/0022024875901712",
author = "J.W. Matthews and A.E. Blakeslee",
abstract = "Multilayers composed of many thin layers of GaAs and GaAs0.5P0.5 were grown on GaAs substrates by chemical vapor deposition. They were examined by optical microscopy, electron microscopy and scanning electron microscopy. Slip lines, dislocation pile-ups, threading dislocations, and cracks were found. These defects were made to relieve elastic stresses generated as a result of misfit between the multilayer taken as a whole and its substrate. The roles of dislocation pile-ups and superkinks in the propagation of dislocations through multilayers are discussed."
}

@article{Matthews1,
title = "Defects in epitaxial multilayers: I. Misfit dislocations",
journal = "Journal of Crystal Growth",
volume = "27",
number = "0",
pages = "118 - 125",
year = "1974",
note = "",
issn = "0022-0248",
doi = "10.1016/S0022-0248(74)80055-2",
url = "http://www.sciencedirect.com/science/article/pii/S0022024874800552",
author = "J.W. Matthews and A.E. Blakeslee",
abstract = "Multilayers composed of many thin films of GaAs and GaAs0·5P0·5 were grown epitaxially on GaAs surfaces inclined at a few degrees to (001). Examination of the multilayers by transmission and scanning electron microscopy has revealed that the interfaces between layers were made up of large coherent areas separated by long straight misfit dislocations. The Burgers vectors of the dislocations were inclined at 45° to (001) and were of type 1/2a &lt;110&gt;. Dislocations in adjacent interfaces were usually not independent of one another. They often lay on the same slip plane and when this was so they were clearly products of the same source. The layer thickness at which misfit dislocations were formed was in satisfactory agreement with the predicted thickness. However, the fraction of the total misfit accommodated by dislocations (once the critical thickness for dislocation generation was passed) was much smaller than predicted. This large discrepancy seems to arise from difficulties associated with the creation of misfit dislocations. Although there are many processes which can impede dislocation generation, the most important one in GaAs/GaAs0·5P0·5 multilayers appears to be the impaction of dislocations on one glide plane against dislocations in another."
}


@article{Matyi1,
author="D. L. Chapek and J. R. Conrad and R. J. Matyi and S. B. Felch",
title="Structural characterization of plasma-doped silicon by high resolution X-ray diffraction",
journal="J. Vac. Sci. Tech.",
year="1994",
volume="B12",
pages="951-955"
}
@Article{Milita1,
author = "S. Milita and M. Servidori",
title = "Damage in ion implanted silicon measured by x-ray diffraction",
journal = "J. Appl. Phys.",
year ="1996",
volume = "79",
number = "11",
pages = "8278-8284"
}

@article{Ming1,
author="M. Li and Z. Mai and J. Li and C. Li and S. Cui",
title="Investigation of Mosaicity of Epitaxic Multilayers by the Statistical Theory of X-ray Dynamical Diffraction",
journal = "Acta Cryst.",
year="1995",
volume="A51",
pages="350-353"
}
@article{Molodkin,
author="V. B. Molodkin and S. I. Olikhovskii and E. N. Kislovskii and E. G. Len and E. V. Pervak",
title="Bragg Diffraction of X-Rays by Single Crystals with Large Microdefects  {I.} Generalized Dynamical Theory",
journal="Phys. Stat. Sol. (b)",
year="2008",
volume="227",
pages="429-447"
}

@article{Molodkin1,
author="V. B. Molodkin and S. I. Olikhovskii and E. N Kislovskii and I. M. Fodchuk and E. S. Skakunova and E. V. Pervak and V. V. Molodkin",
title="Dynamical theory of X-ray diffraction by multilayered structures with microdefects.",
journal="Phys. Stat. Sol. (a)",
year="2007",
volume="204",
pages="2606-2612"
}
@article{Molodkin2,
author="S. I. Olikhovskii and V. B. Molodkin and E. N. Kislovskii and E. G. Len and E. V. Pervak",
title="Bragg Diffraction of X-Rays by Single Crystals with Large Microdefects  {II.} Dynamical Diffuse Scattering Amplitude and Intensity",
journal="Phys. Stat. Sol. (b)",
year="2002",
volume="231",
pages="199-212"
}

@article{Molodkin3,
author="E. N. Kislovskii and S. I. Olikhovskii and V. B. Molodkin and V. V. Nemoshakalenko and V. P Krivitsy and E. G. Len and E. V. Pervak and G. E. Ice and B. C. Larson",
title="Bragg Diffraction of X-Rays by Single Crystals with Large Microdefects  {III.} High-Resolution Diffraction Measurements",
journal="Phys. Stat. Sol. (b)",
year="2002",
volume="231",
pages="213-221"
}
@article{Molodkin2008,
author="V. B. Molodkin and S. I. Olikhovskii and E. N. Kislovskii and T. P. Vladimirova and E. S. Skakunova",
title="Dynamical theoretical model of the high-resolution double-crystal x-ray diffractometry of impertfect single crystals with microdefects",
journal="Phys. Rev. B",
year="2008",
volume="78",
pages="224109"
}
@article{Napolitani1,
author="E. Napolitani and D. De Salvador and A. Coati and M. Berti and A. V. Drigo and M. S. Carroll and J. C. Sturm and J. Stangl and G. Bauer and C. Spinella",
title="Diffusion and clustering of supersaturated carbon in {SiGeC} layers under oxidation",
journal="NIM B",
volume="186",
year="2002",
pages="212-217"
}

@article{Olek1,
author="N. M. Olekhnovich and A. L. Karpei and A. I. Olekhnovich and L. D. Puzenhova",
title="Effect of Dislocation Density on Integrated Intensity of X-ray Scattering by Silicon Crystals in Laue Geometry",
journal="Acta Cryst.",
year="1983",
volume="A39",
pages="116-122"
}

@Article{Otto1,
	author = "G. Otto and G. Hobler and L. Palmetshofer",
	title = "Dose-rate dependence of damage formation in Si by N implantation as determined from channeling profile measurements",
	year  ="2006",
	journal = "NIM B",
	volume = "242",
	pages="667-669"
}
@article{Osten1,
author="H. J. Osten and B. Heinemann and D. Knoll and G. Lippert and H. R{\"u}cker",
title="Effects of carbon on boron diffusion in {SiGe}:  Principles and impact on bipolar devices",
year="1998",
volume="B16",
journal="J. Vac. Sci. Technol.",
pages="1750-1753"
}
@article{Osten2,
author="H. J. Osten and G. Lippert and P. Gaworzewski and R. Sorge",
title="Impact of low carbon concentrations on the electrical properties of highly boron doped {SiGe} layers",
journal="Appl. Phys. Lett.",
volume="71",
number="11",
pages="1522-1524",
year="1997"
}

@article{Osten3,
author="H. J. Osten and H. R{\"u}cker and M Methfessel and E Bugiel and S Ruvimov and G. Lippert",
title="Strain-stablized structures on silicon grown with {MBE}",
journal="J. of Cryst. Growth",
volume="157",
year="1995",
pages="405-409"
}

@article{Osten5,
author="H. J. Osten and D. Endisch and E. Bugiel and B. Dietrich and G. G. Fischer and Myeongcheol Kim and D. Kr{\"u}ger and P. Zaumseli",
title="Strain relaxation in tensile-strained {Si$_{1-y}$C$_y$} layers on {Si}(001)",
journal="Semicond. Sci. Technol.",
volume="11",
year="1996",
pages="1678-1687"
}

@article{Ostermay1,
author="I. Ostermay and T. Kammler and A. Naumann and J. W. Bartha and P. K{\"u}cher",
title="Investigation of the relaxation behavior of {Si$_{1x}$C$_x$} alloys during epitaxial {UHV-CVD} growth",
journal="Mat. Sci. Eng. B",
volume="154-155",
year="2008",
pages="90-94"
}


@article{Palmisano1,
author="C. Palmisano and G. Zosi",
title="Calculation of X-ray fields in perfect crystals by applying Riemann's method to solve the Takagi-Taupin equations",
journal="Am. J. Phys.",
year="2005",
volume="73",
number="9",
pages="860-870"
}

@article{Paul1,
  author={Douglas J Paul},
  title={Si/SiGe heterostructures: from material and physics to devices and circuits},
  journal={Semiconductor Science and Technology},
  volume={19},
  number={10},
  pages={R75},
  url={http://stacks.iop.org/0268-1242/19/i=10/a=R02},
  year={2004},
  abstract={Silicon germanium (SiGe) has moved from being a research material to accounting for a small but significant percentage of manufactured semiconductor devices. This percentage is predicted to increase substantially as SiGe begins to be used in complementary metal oxide semiconductor (CMOS) technology in the future to substantially improve performance. It is the development of Si/SiGe heterostructures which has enabled band structure and strain engineering allowing Si/SiGe to be used in many different ways to improve conventional microelectronic device performance along with allowing new concepts to be explored. This paper presents a review of the material properties, growth techniques, band structure and the main electronic devices of the Si/SiGe heterostructure system. In particular, the important device technologies in mainstream microelectronics of the SiGe heterostructure bipolar transistor (HBT) and strained-Si CMOS will be reviewed before future device and optoelectronics concepts are explored.}
}

@article{Posthill1,
author="J. B. Posthill and R. A. Rudder and S. V. Hattangady and G. G. Fountain and R. J. Markunas",
title="On the feasibility of growing dilute {C$_x$Si$_1-x$} epitaxial alloys",
journal="Appl. Phys. Lett.",
volume="56",
number="8",
year="1990",
pages="734-736"
}


@article{Pressel1,
author="K. Pressel and G. G. Fischer and P. Zaumseil and Myeongcheol Kim and H. J. Osten",
title="Infrared spectroscopy of strained {Si$_{1-y}$C$_y$ alloys $(0 \leq y \leq 0.015)$} grown on silicon",
year="1997",
journal="Thin Solid Films",
volume="294",
pages="133-136"
}

@article{Punegov1,
author="V. I. Punegov",
title="Statistical dynamic theory of diffraction in superlattices",
journal= "Sov. Phys. Tech. Phys.",
year="1990",
volume="35",
number="10",
pages="1162-1164",
}

@article{Punegov2,
author= "V. I. Punegov",
title= "X-ray Diffraction from Multilayer Structures with Statistically Distributed Microdefects",
journal = "Phys. Stat. Sol. a" ,
year= "1993",
volume="136",
number="9",
pages="9-19",
}

@article{Punegov3,
author="V. I. Punegov and A. P. Petrakov and N. A. Tikhonov",
title="X-Ray Diffraction on Laser Disturbed Near-Surface Crystal Layers",
journal= "Phys. Stat. Sol. a",
year= "1990",
volume = "122",
pages="449-458"
}

@article{Punegov4,
author="V. I. Punegov and A. V. Karpov",
title="Statistical Dynamical Theory of Scattering from Multilayer Diffraction Grating",
journal="Bulletin of the Russian Academy of Sciences-Physics",
year ="2005",
volume =" 69",
number="2",
pages="237-241"
}

@article{Punegov5,
author="V. I. Punegov",
title="Correlation Length in the Statistical Theory of X-ray Diffraction by One Dimenionsally Distorted Defect Crystals.  {I.} Model of Discrete-Layer Structure",
journal="Cryst. Reports",
year="1996",
volume="41",
number="1",
pages="19-25"
}

@article{Punegov6,
author="V. I. Punegov",
title="Correlation Length in the Statistical Theory of X-ray Diffraction by One-Dimensionally Distorted Defect Crystals: {III.} Constant Deformation Gradient",
journal="Cryst. Reports",
year="1996",
volume="41",
number="3",
pages="396-403"
}

@article{Punegov7,
author="K. M. Pavlov and V. I. Punegov and N. N. Faleev",
title="X-ray Diffraction Diagnostics of Laser Structures",
journal="JETP",
year="1995",
volume="80",
number="6",
pages="1090-1097"
}

@article{Punegov8,
author="K. M. Pavlov and V. I. Punegov",
title="The Equations of the Statistical Dynamical Theory of X-ray Diffraction for Deformed Crystals",
journal = "Acta Cryst.",
year="1998",
volume="A54",
pages="214-218"
}

@article{Punegov9,
author="K. M. Pavlov and V. I. Punegov",
title="Statistical dynamical theory of X-ray diffraction in the Bragg case:  application to triple-crystal diffractometry",
journal="Acta Cryst.",
year="2000",
volume="A56",
pages="227-234"
}

@article{Punegov10,
author="V. I. Punegov and A. A. Lomov and K. D. Shcherbachev",
title="Characterization of {InP} porous layer by high-resolution X-ray diffraction",
journal="Phys. Stat. Sol. a",
year="2007",
volume="204",
number="8",
pages="2620-2625"
}

@article{Punegov11,
author="L. Kirste and K. M. Pavlov and S. T. Mudie and V. I. Punegov and N. Herres",
title="Analysis of the mosaic structure of an ordered(Al,Ga)N Layer",
journal="J. Appl. Cryst.",
year="2005",
volume="38",
pages="183-192"
}

@article{Punegov12,
author="V. I. Punegov",
title="Statistical-dynamic theory of diffraction of X-rays by crystals with lattice parameters which continously change along the thickness",
journal="Sov. Phys. Cryst.",
year="1990",
volume="35",
number="3",
pages="336-340"
}

@article{Punegov13,
author="V. I. Punegov",
title="Dynamic theory of diffraction from an imperfect heterostructure",
journal="Sov. Phys. Solid State",
volume="33",
number="1",
year="1991",
pages="136-140"
}

@article{Punegov14,
author="K. M. Pavlov and V. I. Punegov",
title="Comment on 'Characterization of {In$_x$ Ga$_{1-x}$ As/InP} epilayers by X-ray double crystal rocking curve peak profile analysis by Haiyan An, Ming Li, Shuren Yang, Zhenhong Mai, Shiyong Liu' J.Crystal Growth 148 (1995) 31 ",
journal="J. Cryst. Growth",
year="1997",
volume="179",
pages="328-329"
}

@article{Punegov15,
author="V. I. Punegov and A. V. Kharchenko",
title="Effect of Multiple Diffuse Scattering on the Dynamical Diffraction of X-rays in Nonuniform Layer Crystals Containing Microdefects",
year="1998",
journal="Cryst. Reports",
volume="43",
number="6",
pages="1020-1025"
}

@article{Punegov16,
author="V. I. Punegov and K. M. Pavlov and S. G. Podorov and N. N. Faleev",
title="Determination of structural parameters of a gradient epitaxial layer by high-resolution X-ray diffractomery. {II.} Solution of the inverse problem in terms of a kinematic and statistical dynamic theory of diffraction",
journal="Phys. Solid State",
year="1996",
volume="38",
number="1",
pages="148-151"
}

@article{Punegov17,
author="V. I. Punegov",
title="Dynamic X-ray diffraction in layered-inhomogeneous systems",
journal="Tech. Phys. Lett.",
year="1994",
volume="20",
number="1",
pages="58-59"
}

@Article{Raghu1,
	author = "L. Raghu and S. Hatt and P. Kluth and S.M. Kluth and R. Dogra and M.C. Ridgway",
	title = "Variation of ion-irradiation induced strain as function of ion fluence in Si",
	year  ="2007",
	journal = "NIM B",
	volume = "257",
	pages = "236-239"
}

@article{Ren1,
author = {Shen Ren and Yiwen Rong and Theodore I. Kamins and James S. Harris and David A. B. Miller},
collaboration = {},
title = {Selective epitaxial growth of Ge/Si[sub 0.15]Ge[sub 0.85] quantum wells on Si substrate using reduced pressure chemical vapor deposition},
publisher = {AIP},
year = {2011},
journal = {Applied Physics Letters},
volume = {98},
number = {15},
eid = {151108},
numpages = {3},
pages = {151108},
keywords = {chemical vapour deposition; elemental semiconductors; epitaxial growth; germanium; Ge-Si alloys; p-i-n diodes; semiconductor quantum wells},
url = {http://link.aip.org/link/?APL/98/151108/1},
doi = {10.1063/1.3574912}
abstract={We investigate the selective epitaxial growth of Ge/Si0.15Ge0.85 quantum wells on prepatterned silicon substrates by reduced pressure chemical vapor deposition. A vertical p-i-n Si0.1Ge0.9 diode with Ge/Si0.15Ge0.85 quantum wells in the intrinsic region is selectively grown in holes in a SiO2 mask. We find perfect growth selectivity and very low dependence on size or arrangement of the mask holes. The fabricated p-i-n diode shows very low reverse leakage current and high breakdown voltage, suggesting good epitaxy quality. The quantum-confined Stark effect in this quantum-well system is observed for wavelengths >1.5 μm at room temperature.}
}



@article{Roichman1,
author="Y. Roichman and A. Berner and R. Brener and C. Cytermann and D. Shilo and E Zolotoyabko and M. Eizenberg and H. J. Osten",
title="Co silicide formation on epitaxial {Si$_{1-y}$C$_y$/Si} (001) layers",
journal="J. App. Phys.",
volume="87",
number="7",
pages="3306-3312",
year="2000"
}

@article{Sakaki1,
author="D. Sakaki and T. Takama",
title="Experimental study on the correlation lengths of the statistical dynamical theory of X-ray diffraction by measurements of intergrated intensities from silicon crystals with dislocations",
journal="Acta Cryst.",
year="2002",
volume="A58",
pages="54-59"
}

@article{Sari1,
author="A. H. Sari and S. Ghorbani and D. Dorranian and P. Azadfar and A. R. Hojabri and M. Ghoranneviss",
title="Formation of SiC using low energy CO{$_2$} ion implantation in silicon",
journal="App. Surface Science",
volume="255",
year="2008",
pages="2180-2184"
}

@article{Schneider1,
author="J. R. Schneider and R. Bouchard",
title="Experimental Tests of the Statistical Dynamical Theory",
journal="Acta Cryst.",
year="1992",
volume="A48",
pages="804-819"
}

@article{Senz1,
author="S. Senz and A. Pl{\"o}{$\beta$}l and U. G{\"o}sele and S. Zerlauth and J. Stangl and G Bauer",
title="Growth of partially strain-relaxed {Si{$_{1-y}$}C{$_y$}} epilayers on (100) {Si}",
journal= "Appl. Phys. A",
year="1998",
volume="67",
pages="147-150"
}

@Article{Shalimov1,
	author = "A. Shalimov and K. D. Shcherbachev and J. Bak-Misiuk and A. Misiuk",
	title = "Defect Structure of silicon crystals implanted with H$^+_2$ ions",
	year  ="2007",
	journal = "phys. stat. sol. (a)",
	volume = "204",
	number = "8",
	pages = "2638-2644"
}

@article{Shcher1,
author="K. D. Shcherbachev and V. T. Bublik and V. N. Mordkovich and D. M. Pazhin",
title="The effect of in situ photoexcitation on the generation of damaged structures during ion implantation into Si wafers",
journal="J. Phys. D",
year="2005",
volume="38",
pages="A126-131"
}
@article{Shreeman1,
author="P. K. Shreeman and R. J. Matyi",
title="Implementation of Statistical Dynamical X-ray Diffraction Theory to Defective Semiconductor Heterostructures",
journal="J. Appl. Cryst.",
year="2010",
volume="43",
pages="550-559"
}

@article {Shreeman2,
author = {Shreeman, P. K. and Matyi, R. J.},
title = {Application of statistical dynamical diffraction theory to highly defective ion implanted {SiGe} heterostructures},
journal = {physica status solidi (a)},
volume = {208},
number = {11},
publisher = {WILEY-VCH Verlag},
issn = {1862-6319},
url = {http://dx.doi.org/10.1002/pssa.201184250},
doi = {10.1002/pssa.201184250},
pages = {2533--2538},
keywords = {high resolution X-ray diffraction, ion implantation, SiGe, statistical dynamical diffraction theory},
year = {2011},
}
@article{Siegrist1,
author = "Siegrist, T.",
title = "{{\it Crystallographica} - a software toolkit for crystallography}",
journal = "Journal of Applied Crystallography",
year = "1997",
volume = "30",
number = "3",
pages = "418--419",
month = "Jun",
doi = {10.1107/S0021889897003026},
url = {http://dx.doi.org/10.1107/S0021889897003026},
}

@article{Suh1,
author = {Junkyo Suh and Ryosho Nakane and Noriyuki Taoka and Mitsuru Takenaka and Shinichi Takagi},
collaboration = {},
title = {Highly strained-SiGe-on-insulator p-channel metal-oxide-semiconductor field-effective transistors fabricated by applying Ge condensation technique to strained-Si-on-insulator substrates},
publisher = {AIP},
year = {2011},
journal = {Applied Physics Letters},
volume = {99},
number = {14},
eid = {142108},
numpages = {3},
pages = {142108},
keywords = {condensation; Ge-Si alloys; hole density; hole mobility; MOSFET; silicon-on-insulator},
url = {http://link.aip.org/link/?APL/99/142108/1},
doi = {10.1063/1.3647631}
}

@article{Simon1,
author="L. Simon and L. Kubler and J. L. Bischoff and D. Bolmont and J. Faur{\'e} and A. Claverie and J. L. Balladore",
title="Epitaxial growth of {Si$_{1-y}$C$_y$} alloys characterized as self-organized, ordered, nanometer-sized {C}-rich aggregates in monocrystalline {Si}",
journal="Phys. Rev. B",
volume="54",
number="15",
year="1996",
pages="10559-10564"
}
@article{Slater1,
  volume = {30},
  journal = {Rev. Mod. Phys.},
  month = {Jan},
  author = {SLATER, JOHN C.},
  title = {Interaction of Waves in Crystals},
  year = {1958},
  url = {http://link.aps.org/doi/10.1103/RevModPhys.30.197},
  doi = {10.1103/RevModPhys.30.197},
  issue = {1},
  publisher = {American Physical Society},
  pages = {197--222}
}
@article{Speriosu1,
author="V. S. Speriosu and T. Vreeland",
title="X-ray rocking curve analysis of superlattices",
journal="J. Appl. Phys.",
year="1984",
volume="56",
number="6",
pages="1591-1600"
}

@article{Speriosu2,
author="V. S. Speriosu",
title="Kinematical X-ray diffraction in nonuniform crystalline films: Strain and damage distributions in ion-implanted garnets",
journal="J. Appl. Phys.",
year="1981",
volume="52",
number="10",
pages="6094-6103"
}
@article{Stewart1,
author="E. J. Stewart and M. S. Carroll and J. C. Sturm",
title="Boron segregation and electrical properties in polycrystalline {Si$_{1-x-y}$Ge$_x$C$_y$} and {Si$_{1-y}$C$_y$} alloys",
journal="J. Appl. Phys.",
volume="95",
number="8",
year="2004",
pages="4029-4035"
}

@article{Strane1,
author="J. W. Strane and H. J. Stein and S. R. Lee and S. T. Picraux and J. K. Watanabe and J. W. Mayer",
title="Precipitation and relaxation in strained Si$_{1-y}$C$_y$/Si heterostructures",
journal="J. Appl. Phys.",
volume="76",
number="6",
year="1994",
pages="3656-3668"
}

@article{Song1,
author="Dengyuan Song and Eun-Chel Cho and Young-Hyun Cho and Gavin Conibeer and Yidan Huang and Shujuan Huang and Maritian A. Green",
title="Evolution of {Si} (and {SiC}) nanocrystal precipitation in {SiC} matrix",
journal="Thin Solid Films",
volume="516",
year="2008",
pages="3824-3830"
}

@Article{Suprun1,
	author = "Yu. Suprun-Belevich and F. Cristiano and A. Nejim and P.L.K. Hemment and B.J. Sealy",
	title = "Evolution of mechanical strain and extended defects in annealed (100) silicon samples implanted with $Ge^+$ ions",
	year  ="1998",
	journal = "NIM B",
	volume = "140", 
	pages = "91-98"
}

@article{Takagi1,
author="S. Takagi",
title="Dynamical theory of diffraction applicable to crystals with any kind of small distortion",
journal="Acta Cryst.",
year="1962",
volume="15",
pages="1311-2"
}

@article{Takagi2,
author="S. Takagi",
title="A dynamical theory of diffraction for a distorted crystal",
journal="J. Phys. Soc. Japan",
year="1969",
volume="26",
number="5",
pages="1239-1253"
}

@article{Takama1,
author="T. Takama and H. Harima",
title="Experimental verification of the statistical dynamical theories of diffraction",
journal="Acta Cryst.",
year="1994",
volume="A50",
pages="239-246"
}

@Article{Taupin1,
author = "D. Taupin ",
title = "{Th\`eorie Dynamique de la diffraction des rayons X par les cristaux d\'eform\'es.}",
year  ="1964",
journal = "Bull. Soc. Fr. Min{\'e}r. Cryst.",
pages="469-511",
volume="87"
}

@article{Trinkaus1,
author = {H. Trinkaus and D. Buca and R. A. Minamisawa and B. Holl\"{a}nder and M. Luysberg and S. Mantl},
collaboration = {},
title = {Anisotropy of strain relaxation in (100) and (110) Si/SiGe heterostructures},
publisher = {AIP},
year = {2012},
journal = {Journal of Applied Physics},
volume = {111},
number = {1},
eid = {014904},
numpages = {8},
pages = {014904},
keywords = {annealing; crystal orientation; dislocation loops; elemental semiconductors; Ge-Si alloys; ion implantation; plastic deformation; semiconductor heterojunctions; silicon},
url = {http://link.aip.org/link/?JAP/111/014904/1},
doi = {10.1063/1.3672447}
}

@Article{Tsukuda1,
	author = "N. Tsukuda and E. Kuramoto and M. Noda and H. Nakazono",
	title = "X-ray diffractio from low temperature ion implanted silicon",
	year  ="1996",
	journal = "J. Nuclear Mat.",
	volume = "239",
	pages = "214-244"
}


@article{Wautelet1,
  author={Michel Wautelet},
  title={Scaling laws in the macro-, micro- and nanoworlds},
  journal={European Journal of Physics},
  volume={22},
  number={6},
  pages={601},
  url={http://stacks.iop.org/0143-0807/22/i=6/a=305},
  year={2001},
  abstract={The microworld and the nanoworld are now of interest to the public, scientists, engineers and industrialists. Effects negligible at the macroscopic level become important at the micrometre scale, and vice versa . Moreover, at the nanoscale, quantum effects may become dominant. Scaling laws are useful for an understanding of the origin of such differences and/or to generalize results obtained at various scales. It is the aim of this paper to examine scaling laws relevant to mechanics, fluids, electromagnetism, thermodynamics, optics and quantum mechanics. Examples related to biology, micromachines and nanotechnologies are treated to show the usefulness of the scaling laws.}
}
	
@Article{White1,
author = "J. E. White",
title = "X-Ray Diffraction by elastically deformed crystals",
year  ="1950",
journal = "J. Appl. Phys.",
volume="21",
pages="855-859"
}

@article{Wormington1,
author = {Wormington, Matthew and Panaccione, Charles and Matney, Kevin M. and Bowen, D. Keith}, 
title = {Characterization of structures from X-ray scattering data using genetic algorithms}, 
volume = {357}, 
number = {1761}, 
pages = {2827-2848}, 
year = {1999}, 
doi = {10.1098/rsta.1999.0469}, 
abstract ={We have developed a procedure for fitting experimental and simulated X–ray reflectivity and diffraction data in order to automate and to quantify the characterization of thin–film structures. The optimization method employed is a type of genetic algorithm called‘differential evolution’. The method is capable of rapid convergence to the global minimum of an error function in parameter space even when there are many local minima in addition to the global minimum. We show how to estimate the pointwise errors of the optimized parameters, and how to determine whether the model adequately represents the structure. The procedure is capable of fitting some tens of adjustable parameters, given suitable data.}, 
URL = {http://rsta.royalsocietypublishing.org/content/357/1761/2827.abstract}, 
eprint = {http://rsta.royalsocietypublishing.org/content/357/1761/2827.full.pdf+html}, 
journal = {Philosophical Transactions of the Royal Society of London. Series A:
				Mathematical, Physical and Engineering Sciences} 
}

@article{Xue1,
title = "Epitaxial growth of fully relaxed Si0.75Ge0.25 on SOI substrate",
journal = "Applied Surface Science",
volume = "257",
number = "11",
pages = "5021 - 5024",
year = "2011",
note = "",
issn = "0169-4332",
doi = "10.1016/j.apsusc.2011.01.014",
url = "http://www.sciencedirect.com/science/article/pii/S0169433211000225",
author = "Zhongying Xue and Xing Wei and Bo Zhang and Aimin Wu and Miao Zhang and Xi Wang",
keywords = "SiGe",
keywords = "Epitaxial growth",
keywords = "Relaxation",
keywords = "SOI substrate",
abstract = "A fully relaxed Si0.75Ge0.25 film with low dislocation densities is fabricated by epitaxial growth on SOI substrate without depositing graded buffers. The relaxation mechanism of the SiGe layer directly grown on SOI substrate is also analyzed. For SiGe grown on SOI with low Ge content, the strain is redistributed between SiGe and the top Si of SOI substrate, and the strain residing in SiGe layer can be fully relaxed by the formation and expansion of dislocation half-loops near the SiGe/Si interface. The surface morphology and crystal quality of all samples are analyzed by optical microscopy and transmission electron microscopy (TEM), respectively. Compared to the Si0.75Ge0.25 layer epitaxially grown on graded buffer, the Si0.75Ge0.25 directly grown on SOI substrate appears good surface morphology and perfect crystal quality."
}

@article{Yu1,
author = {M. H. Yu and L. T. Wang and T. C. Huang and T. L. Lee and H. C. Cheng},
collaboration = {},
title = {The Strained-SiGe Relaxation Induced Underlying Si Defects Following the Millisecond Annealing for the 32 nm PMOSFETs},
publisher = {ECS},
year = {2012},
journal = {Journal of The Electrochemical Society},
volume = {159},
number = {3},
pages = {H243-H249},
url = {http://link.aip.org/link/?JES/159/H243/1},
doi = {10.1149/2.017203jes}
}

@article{Zaus1,
author="R. Zaus",
title="An improved deviation parameter for the simulation of dynamical X-ray diffraction on epitaxic heterostructures",
journal="J. Appl. Cryst.",
year="1993",
volume="26",
pages="801-811"
}

@article{Zaumseil1,
author="G. Bhagavannarayana and P. Zaumseil",
title="Diffuse X-ray scattering of misfit dislocations at {Si$_{1-x}$ Ge$_x$/Si} interfaces by triple crystal diffractometry",
journal="J. Appl. Phys.",
year="1997",
volume="82",
pages="1172-1177"
}

@book{Als1,
  title={Elements of modern X-ray physics},
  author={Als-Nielsen, J. and McMorrow, D.},
  isbn={9780471498575},
  lccn={00063342},
  url={http://books.google.com/books?id=F7jvAAAAMAAJ},
  year={2001},
  publisher={Wiley}
}

@book{Authier1,
author="A. Authier",
title="Dynamical Theory of X-Ray Diffraction",
publisher="Oxford University Press",
year="2001",
edition="Revised",
series="IUCr Monographs on Crystallography",
volume="11"
}
@book{Authier2,
author="A. Authier and LAGOMARSINO, S and TANNER, B. K ",
title="X-ray and Neutron Dynamical Diffraction:  Theory and Applications",
publisher="Plenum Press",
year="1996",
}

@book{Cullity1,
  title={Elements of x-ray diffraction},
  author={Cullity, B.D. and Stock, S.R.},
  isbn={9780201610918},
  series={Pearson education},
  url={http://books.google.com/books?id=IiXwAAAAMAAJ},
  year={2001},
  publisher={Prentice Hall}
}

@book{Fewster1,
author="P. F. Fewster",
title="X-ray Scattering from Semiconductors",
publisher="Imperial College Press",
year="2000"
}

@book{Hammond1,
  title={The basics of crystallography and diffraction},
  author={Hammond, C.},
  isbn={9780198505525},
  lccn={96027451},
  series={IUCr texts on crystallography},
  url={http://books.google.com/books?id=NaGLdNHGvPQC},
  year={2001},
  publisher={Oxford University Press}
}


@book{Holy1,
author="V. {Hol\'y} and U. Pietsch and T. Baumbach",
title= "High-Resolution X-Ray Scattering from Thin Films and Multilayers",
publisher = "Springer",
year="1999",
series="Springer Tracts in Modern Physics",
volume ="149",
ISSN="0081-3869",
CallNumber="QC 1 S797 v.149"
}

@book{Holy2,
author="U. Pietsch and V. Hol\'y and T. Baumbach",
title= "High-Resolution X-Ray Scattering:  From Thin Films to Lateral Nanostructures",
publisher="Springer",
year="2004",
edition="Second"
}

@book{ITC3,
editor="A. J. C. Wilson and E. Prince",
title="Mathematical, Physical and Chemical Tables",
publisher="Kluwer Academic Publishers",
year="1999",
series="International Tables For Crystallograhpy",
volume="C",
organization="The International Union of Crystallography"
}
@book{Krivoglaz1,
author="M. A. Krivoglaz",
title="X-ray and Neutron Diffraction in Nonideal Crystals",
publisher="Springer",
year="1996"
}
@book{Newcomb,
author="S. Newcomb",
title="Elements of Analytic Geometry",
publisher="Henry Holt and Company",
year="1885"
}

@book{Pantelides1,
  title={Silicon-germanium carbon alloy},
  author={Pantelides, S.T. and Zollner, S.},
  series={Optoelectronic properties of semiconductors and superlattices},
  year={2002},
  publisher={Taylor \& Francis}
}

@book{Tanner1,
author="D. K. Bowen and B. K. Tanner",
title="High Resolution X-ray Diffractometry and Topography",
publisher="Tayor \& Francis Inc.",
year="1998"
}

@book{Yang1,
author="H. N. Yang and G. C. Wang and T. M. Lu",
title="Diffraction From Rough Surfaces And Dynamic Growth Fronts",
publisher="World Scientific",
year="1993"
}

@book{Warren1,
author="B. E. Warren",
title="X-Ray Diffraction",
publisher="Dover Publications",
year="1990"
}

@book{Zachariasen1,
author="W. H. Zachariasen",
title="Theory of X-Ray Diffaction in Crystals",
publisher="Dover Publications, Inc.",
year="1945"
}

@incollection{AuthierI,
author="A. Authier",
title="Dynamical Theory of X-Ray Diffraction- I. Perfect Crystals",
booktitle="X-ray and Neutron Dynamical Diffraction:  Theory and Applications",
publisher="Plenum Press",
year="1996",
editor="{A. Authier and B.K. Tanner}",
pages="1"
}

@incollection{Bonse1,
author="U. Bonse and W. Graeff",
title="{X-Ray and Neutron Interferometry}",
booktitle="X-Ray Optics:  Applications to Solids",
publisher="Springer-Verlag",
year="1977",
editor="H. J. Queisser",
volume="22",
chapter="4",
pages="93-143",
callnumber="QC 176.8 O6 X2"
}

@incollection{Kato4,
author="N. Kato",
title="Statistical Theory of Dynamical Diffraction in Crystals",
booktitle="X-ray and Neutron Dynamical Diffraction:  Theory and Applications",
publisher="Plenum Press",
year="1996",
editor="{A. Authier and B.K. Tanner}",
pages="111-135"
}

@incollection{Servidori1,
author="M. Servidori and F. Cembali and S. Milita",
title="Characterization of Lattice defects in Ion-Implanted Silicon",
booktitle="{X-ray and Neutron Dynamical Diffraction: Theory and Applications}",
publisher="Plenum Press",
year="1996",
editor="{A. Authier and B.K. Tanner}",
pages="301-321"
}

@inproceedings{Davis1,
author="R. F. Davis and G. Kelner and M. Shur and J. W. Palmour and J. A. Edmond",
title="Thin Film Deposition and Microelectronic and Optoelectronic Device Fabrication and Characterization in Monocrystalline Alpha and Beta Silicon Carbide",
booktitle="Proceedings of the IEEE",
year="1991",
volume="79",
number="5",
pages="677-701"
}

@INPROCEEDINGS{Fox1,
author={Fox, A. and Heinemann, B. and Barth, R. and Marschmeyer, S. and Wipf, C. and Yamamoto, Y.},
booktitle={Bipolar/BiCMOS Circuits and Technology Meeting (BCTM), 2011 IEEE},
title={SiGe:C HBT architecture with epitaxial external base},
year={2011},
month={oct.},
volume={},
number={},
pages={70 -73},
abstract={We present a novel double-polysilicon (DP) HBT technology with a SiGe:C base fabricated by selective epitaxial growth (SEG), in which the external base is formed by in-situ doped epitaxy completely after the internal base. This approach aims to achieve a lower parasitic base resistance compared to our previously reported DP-SEG technology [8], while keeping a low capacitive lateral base link arrangement. We demonstrate fT/fmax of 310GHz/480GHz, as well as a CML gate delay of 1.9ps, achieving the lowest value reported so far.},
keywords={CML gate delay;HBT architecture;SiGe:C;double polysilicon HBT technology;epitaxial external base;frequency 310 GHz;frequency 480 GHz;in-situ doped epitaxy;low capacitive lateral base link arrangement;parasitic base resistance;selective epitaxial growth;Ge-Si alloys;epitaxial growth;heterojunction bipolar transistors;millimetre wave bipolar transistors;semiconductor doping;},
doi={10.1109/BCTM.2011.6082751},
ISSN={1088-9299},}

@inproceedings{Tong1,
author="G. B. Tong and S. M. A. Gani and M. R. Muhamad and S. A. Rahman",
title="High Temperature Post-Deposition Annealing Studies of Layer-by-Layer(LBL) Deposited Hydrogenated Amorphous Silicon Films",
booktitle="Mater. Res. Soc. Symp. Proc. Vol. 1153",
year="2009",
organization="Materials Research Society"
}

@phdthesis{Staley1,
author="T. W. Staley",
title="Statistical Optimization and Analysis of X-ray Rocking curves:  Application to Eptaxial Alloys of Silicon, Germanium, and Gallium Arsenide",
school="University of Wisconsin-Madison",
year="1997"
}

@Patent{JOHNSON:2011,
 author = {Johnson, Jeffrey B. and LIU, Xuefeng and Orner, Bradley A. and Rassel, Robert M.},
 title = {SCHOTTKY BARRIER DIODES FOR MILLIMETER WAVE SiGe BICMOS APPLICATIONS},
 year = {2011},
 month = {06},
 day = {16},
 number = {US 2011/0143494 A1},
 type = {Patent Application},
 version = {A1},
 location = {US},
 url = {http://www.patentlens.net/patentlens/patent/US_2011_0143494_A1/en/},
 filing_num = {13028673},
 yearfiled = {2011},
 monthfiled = {02},
 dayfiled = {16},
 pat_refs = {},
 IPC_class = {H01L 21/329},
 US_class = {257E21359; 438 92},
 abstract = {A method for forming a Schottky barrier diode on a SiGe BiCMOS wafer, including forming a structure which provides a cutoff frequency (Fc) above about 1.0 THz. In embodiments, the structure which provides a cutoff frequency (Fc) above about 1.0 THz may include an anode having an anode area which provides a cutoff frequency (FC) above about 1.0 THz, an n-epitaxial layer having a thickness which provides a cutoff frequency (FC) above about 1.0 THz, a p-type guardring at an energy and dosage which provides a cutoff frequency (FC) above about 1.0 THz, the p-type guardring having a dimension which provides a cutoff frequency (FC) above about 1.0 THz, and a well tailor with an n-type dopant which provides a cutoff frequency (FC) above about 1.0 THz.}
}

@MISC{Fig2-2,
howpublished={http://www.crct.polymtl.ca/fact/documentation/BINARY/Ge-Si.jpg}
}

@MISC{Fig2-4,
howpublished={http://www.sp.phy.cam.ac.uk/~SiGe/Misfit.html}
}

@MISC{LEPTOS,
howpublished={http://www.bruker-axs.com/stress.html}
}

@MISC{RADS,
howpublished={http://www.jvsemi.com/featured-products/featured-products/rads.html}
}
@MISC{SRIM,
howpublished={ http://www.srim.org}
}